<record><leader>00000cas a2200000 a 4500</leader><controlfield tag="001">9661886</controlfield><controlfield tag="008">830630d18991950iluwr ne      0   b0ger c</controlfield><datafield ind1=" " ind2=" " tag="010"><subfield code="a">sn 83045783 </subfield></datafield><datafield ind1=" " ind2=" " tag="040"><subfield code="a">CRL</subfield><subfield code="b">eng</subfield><subfield code="c">CRL</subfield><subfield code="d">NPW</subfield><subfield code="d">DLC</subfield><subfield code="d">NSD</subfield><subfield code="d">NVF</subfield><subfield code="d">OCL</subfield><subfield code="d">CRL</subfield><subfield code="d">NVF</subfield><subfield code="d">CNW</subfield><subfield code="d">NVF</subfield><subfield code="d">CVF</subfield><subfield code="d">CRL</subfield><subfield code="d">DLC</subfield><subfield code="d">CRL</subfield><subfield code="d">OCLCQ</subfield><subfield code="d">OCLCF</subfield><subfield code="d">OCLCO</subfield><subfield code="d">NVF</subfield><subfield code="d">OCLCO</subfield><subfield code="d">OCL</subfield><subfield code="d">OCLCO</subfield></datafield><datafield ind1=" " ind2=" " tag="019"><subfield code="a">2267880</subfield></datafield><datafield ind1="1" ind2=" " tag="029"><subfield code="a">AU@</subfield><subfield code="b">000041034001</subfield></datafield><datafield ind1=" " ind2=" " tag="042"><subfield code="a">pcc</subfield></datafield><datafield ind1=" " ind2=" " tag="043"><subfield code="a">n-us-il</subfield></datafield><datafield ind1="0" ind2="0" tag="050"><subfield code="a">Newspaper</subfield></datafield><datafield ind1="0" ind2=" " tag="130"><subfield code="a">Sonntagpost (Chicago, Ill. : Chicago ed.)</subfield></datafield><datafield ind1="1" ind2="0" tag="245"><subfield code="a">Sonntagpost.</subfield></datafield><datafield ind1=" " ind2=" " tag="250"><subfield code="a">Chicago ed.</subfield></datafield><datafield ind1=" " ind2=" " tag="260"><subfield code="a">Chicago, Ill. :</subfield><subfield code="b">Abendpost Co.,</subfield><subfield code="c">1899-1950.</subfield></datafield><datafield ind1=" " ind2=" " tag="300"><subfield code="a">52 volumes ;</subfield><subfield code="c">52 cm.</subfield></datafield><datafield ind1=" " ind2=" " tag="310"><subfield code="a">Weekly</subfield></datafield><datafield ind1="0" ind2=" " tag="362"><subfield code="a">Nr. 1 (5. Ma&#776;rz 1899)-Mar. 12, 1950.</subfield></datafield><datafield ind1=" " ind2=" " tag="515"><subfield code="a">Numbering irregular.</subfield></datafield><datafield ind1=" " ind2=" " tag="530"><subfield code="a">Available on microfilm;</subfield><subfield code="b">Library of Congress Photoduplication Service and The Center for Research Libraries.</subfield></datafield><datafield ind1=" " ind2=" " tag="530"><subfield code="a">Also available via the World Wide Web.</subfield></datafield><datafield ind1=" " ind2=" " tag="546"><subfield code="a">In German.</subfield></datafield><datafield ind1=" " ind2=" " tag="580"><subfield code="a">Daily ed.: Abendpost (Chicago, Ill.: Chicago ed.), and: Abendpost (Chicago, Ill. : Milwaukee ed.), 1932-&lt;1936&gt;.</subfield></datafield><datafield ind1=" " ind2=" " tag="580"><subfield code="a">Sunday Milwaukee ed.: Sonntagpost (Chicago, Ill. : Milwaukee ed.), 1932-&lt;1936&gt;.</subfield></datafield><datafield ind1=" " ind2=" " tag="580"><subfield code="a">Merged with: Milwaukee deutsche Zeitung, to form: Sonntagpost und Milwaukee deutsche Zeitung (Chicago, Ill.).</subfield></datafield><datafield ind1=" " ind2="0" tag="650"><subfield code="a">German Americans</subfield><subfield code="z">Illinois</subfield><subfield code="z">Chicago</subfield><subfield code="v">Newspapers.</subfield></datafield><datafield ind1=" " ind2="0" tag="650"><subfield code="a">German American newspapers</subfield><subfield code="z">Illinois</subfield><subfield code="z">Chicago.</subfield></datafield><datafield ind1=" " ind2="0" tag="651"><subfield code="a">Chicago (Ill.)</subfield><subfield code="v">Newspapers.</subfield></datafield><datafield ind1=" " ind2="7" tag="650"><subfield code="a">German American newspapers.</subfield><subfield code="2">fast</subfield><subfield code="0">(OCoLC)fst00941297</subfield></datafield><datafield ind1=" " ind2="7" tag="650"><subfield code="a">German Americans.</subfield><subfield code="2">fast</subfield><subfield code="0">(OCoLC)fst00941308</subfield></datafield><datafield ind1=" " ind2="7" tag="651"><subfield code="a">Illinois</subfield><subfield code="z">Chicago.</subfield><subfield code="2">fast</subfield><subfield code="0">(OCoLC)fst01204048</subfield></datafield><datafield ind1=" " ind2="7" tag="655"><subfield code="a">Newspapers.</subfield><subfield code="2">fast</subfield><subfield code="0">(OCoLC)fst01423814</subfield></datafield><datafield ind1=" " ind2=" " tag="752"><subfield code="a">United States</subfield><subfield code="b">Illinois</subfield><subfield code="c">Cook County</subfield><subfield code="d">Chicago.</subfield></datafield><datafield ind1="1" ind2=" " tag="775"><subfield code="t">Abendpost (Chicago, Ill. : Chicago ed.)</subfield><subfield code="w">(DLC)sn 83045771</subfield><subfield code="w">(OCoLC)9642267</subfield></datafield><datafield ind1="1" ind2=" " tag="775"><subfield code="t">Abendpost (Chicago, Ill. : Milwaukee ed.)</subfield><subfield code="w">(DLC)sn 92055108</subfield><subfield code="w">(OCoLC)25312421</subfield></datafield><datafield ind1="1" ind2=" " tag="775"><subfield code="t">Sonntagpost (Chicago, Ill., Milwaukee ed.)</subfield><subfield code="w">(DLC)sn 92055109</subfield><subfield code="w">(OCoLC)25312339</subfield></datafield><datafield ind1="0" ind2="8" tag="776"><subfield code="i">Online version:</subfield><subfield code="t">Sonntagpost (Chicago, Ill. : Chicago ed.)</subfield><subfield code="w">(OCoLC)818778346</subfield></datafield><datafield ind1="0" ind2="0" tag="780"><subfield code="t">Sonntagsblatt der Abendpost</subfield><subfield code="w">(DLC)sn 93056123</subfield><subfield code="w">(OCoLC)29347668</subfield></datafield><datafield ind1="1" ind2="7" tag="785"><subfield code="t">Milwaukee deutsche Zeitung</subfield><subfield code="w">(DLC)sn 86072079</subfield><subfield code="w">(OCoLC)14642043</subfield></datafield><datafield ind1="1" ind2="7" tag="785"><subfield code="t">Sonntagpost und Milwaukee deutsche Zeitung (Chicago, Ill.)</subfield><subfield code="x">0896-3762</subfield><subfield code="w">(DLC)sn 83045785</subfield><subfield code="w">(OCoLC)9642226</subfield></datafield></record>